
@misc{_activity_2016,
	type = {Referenz-{Dokumentation}},
	title = {Activity {Lifecycle}},
	url = {http://developer.android.com/images/activity_lifecycle.png},
	urldate = {2016-03-24},
	journal = {Android Developer Guide},
	month = mar,
	year = {2016},
	file = {activity_lifecycle.png (PNG-Grafik, 513 × 663 Pixel):/Users/Snap10/Dropbox/Universitaet_Ulm/BA/Zotero/storage/5D232MB7/activity_lifecycle.html:text/html}
}